<record><leader>00000cas a22000007a 4500</leader><controlfield tag="001">11712276</controlfield><controlfield tag="008">850220d19061917ohudn ne      0    0eng d</controlfield><datafield ind1=" " ind2=" " tag="010"><subfield code="a">sn 85038093 </subfield></datafield><datafield ind1=" " ind2=" " tag="040"><subfield code="a">NPY</subfield><subfield code="b">eng</subfield><subfield code="c">NPY</subfield><subfield code="d">ONP</subfield><subfield code="d">OCLCQ</subfield></datafield><datafield ind1=" " ind2=" " tag="042"><subfield code="a">msc</subfield></datafield><datafield ind1="0" ind2=" " tag="130"><subfield code="a">Daily herald (McConnelsville, Ohio : 1906)</subfield></datafield><datafield ind1="1" ind2="4" tag="245"><subfield code="a">The Daily herald.</subfield></datafield><datafield ind1=" " ind2=" " tag="260"><subfield code="a">McConnelsville, Ohio :</subfield><subfield code="b">Herald Print. Co.,</subfield><subfield code="c">1906-1917.</subfield></datafield><datafield ind1=" " ind2=" " tag="300"><subfield code="a">v.</subfield></datafield><datafield ind1=" " ind2=" " tag="310"><subfield code="a">Daily (except Sun.)</subfield></datafield><datafield ind1="0" ind2=" " tag="362"><subfield code="a">Vol. 2, no. 65 (Aug. 13, 1906)-v. 12, no. 169 (Sept. 3, 1917).</subfield></datafield><datafield ind1=" " ind2=" " tag="500"><subfield code="a">Republican.</subfield></datafield><datafield ind1=" " ind2="4" tag="651"><subfield code="a">McConnelsville (Ohio)</subfield><subfield code="v">Newspapers.</subfield></datafield><datafield ind1=" " ind2="4" tag="651"><subfield code="a">Morgan County (Ohio)</subfield><subfield code="v">Newspapers.</subfield></datafield><datafield ind1=" " ind2=" " tag="752"><subfield code="a">United States</subfield><subfield code="b">Ohio</subfield><subfield code="c">Morgan</subfield><subfield code="d">McConnelsville.</subfield></datafield><datafield ind1="0" ind2=" " tag="775"><subfield code="t">Weekly herald (McConnelsville, Ohio)</subfield><subfield code="w">(DLC)sn8700075013</subfield></datafield><datafield ind1="0" ind2="0" tag="780"><subfield code="t">Citizen (McConnelsville, Ohio : 1905)</subfield><subfield code="w">(DLC)sn 85038092</subfield></datafield></record>